<record><leader>00000cas a22000007a 4500</leader><controlfield tag="001">22333509</controlfield><controlfield tag="008">900905d19611963nhuwr ne      0    0eng d</controlfield><datafield ind1=" " ind2=" " tag="010"><subfield code="a">sn 90062371 </subfield></datafield><datafield ind1=" " ind2=" " tag="040"><subfield code="a">NVH</subfield><subfield code="b">eng</subfield><subfield code="c">NVH</subfield><subfield code="d">OCLCQ</subfield></datafield><datafield ind1=" " ind2=" " tag="042"><subfield code="a">msc</subfield></datafield><datafield ind1="0" ind2="0" tag="245"><subfield code="a">Derry news &amp; Salem enterprise.</subfield></datafield><datafield ind1="3" ind2="0" tag="246"><subfield code="a">Derry news and Salem enterprise</subfield></datafield><datafield ind1="3" ind2="0" tag="246"><subfield code="a">Derry Salem news enterprise</subfield></datafield><datafield ind1=" " ind2=" " tag="260"><subfield code="a">Derry, N.H. :</subfield><subfield code="b">Derry News Enterprise Press</subfield></datafield><datafield ind1=" " ind2=" " tag="300"><subfield code="a">v.</subfield></datafield><datafield ind1=" " ind2=" " tag="310"><subfield code="a">Weekly</subfield></datafield><datafield ind1="1" ind2=" " tag="362"><subfield code="a">Vol. 81, no. 5 (Jan. 5, 1961)-v. 83, no. 8 (Apr. 25, 1963).</subfield></datafield><datafield ind1=" " ind2=" " tag="752"><subfield code="a">United States</subfield><subfield code="b">New Hampshire</subfield><subfield code="c">Rockingham</subfield><subfield code="d">Derry.</subfield></datafield><datafield ind1=" " ind2=" " tag="752"><subfield code="a">United States</subfield><subfield code="b">New Hampshire</subfield><subfield code="c">Rockingham</subfield><subfield code="d">Salem.</subfield></datafield><datafield ind1="0" ind2="0" tag="780"><subfield code="t">Derry news (Derry, N.H. : 1880)</subfield><subfield code="w">(DLC)sn 90062370</subfield></datafield><datafield ind1="0" ind2="0" tag="785"><subfield code="t">Derry news (Derry, N.H. : 1963)</subfield><subfield code="w">(DLC)sn 90062372</subfield></datafield></record>